<record xmlns="http://www.loc.gov/MARC21/slim" xmlns:xsi="http://www.w3.org/2001/XMLSchema-instance" xsi:schemaLocation="http://www.loc.gov/MARC21/slim http://www.loc.gov/standards/marcxml/schema/MARC21slim.xsd"><leader>00037nz   2200037n  4500</leader><controlfield tag="001">DNB|102400571</controlfield><controlfield tag="003">DNB</controlfield><controlfield tag="005">20080405190910.0</controlfield><controlfield tag="008">930416n||aznnnabbn           | aaa    |c</controlfield><datafield ind1=" " ind2=" " tag="035"><subfield code="a">(DE-101)102400571</subfield></datafield><datafield ind1=" " ind2=" " tag="035"><subfield code="a">(DE-588a)102400571</subfield></datafield><datafield ind1=" " ind2=" " tag="040"><subfield code="a">DE-12</subfield><subfield code="b">ger</subfield><subfield code="c">DE-101</subfield><subfield code="e">rakwb</subfield><subfield code="d">9999</subfield></datafield><datafield ind1=" " ind2=" " tag="079"><subfield code="a">p</subfield><subfield code="q">f</subfield><subfield code="q">p</subfield><subfield code="t">12-PAN</subfield></datafield><datafield ind1="0" ind2=" " tag="100"><subfield code="a">Nicolaus</subfield><subfield code="c">Comicus</subfield><subfield code="d">4. Jh. v. Chr.</subfield></datafield><datafield ind1="0" ind2=" " tag="400"><subfield code="a">Nikolaos</subfield><subfield code="c">Komödiendichter</subfield><subfield code="d">4. Jh. v. Chr.</subfield></datafield><datafield ind1=" " ind2=" " tag="549"><subfield code="w">i</subfield><subfield code="i">Lebensdaten</subfield><subfield code="a">4. Jh. v. Chr.</subfield></datafield><datafield ind1=" " ind2=" " tag="678"><subfield code="a">FCG 4,579-580</subfield></datafield><datafield ind1=" " ind2=" " tag="996"><subfield code="2">BAV|ADV10163980</subfield></datafield><datafield ind1=" " ind2=" " tag="996"><subfield code="2">NLA|000041331564</subfield></datafield><datafield ind1=" " ind2=" " tag="996"><subfield code="2">PICA|069878080</subfield></datafield><datafield ind1=" " ind2=" " tag="996"><subfield code="2">PICA|275408175</subfield></datafield><datafield ind1=" " ind2=" " tag="996"><subfield code="2">PICA|073752312</subfield></datafield><datafield ind1=" " ind2=" " tag="996"><subfield code="2">PICA|074440748</subfield></datafield><datafield ind1=" " ind2=" " tag="996"><subfield code="2">BAV|ADV10994226</subfield></datafield><datafield ind1=" " ind2=" " tag="996"><subfield code="2">PICA|073919616</subfield></datafield><datafield ind1=" " ind2=" " tag="996"><subfield code="2">PICA|070222541</subfield></datafield><datafield ind1=" " ind2=" " tag="996"><subfield code="2">PICA|208129324</subfield></datafield><datafield ind1=" " ind2=" " tag="996"><subfield code="2">SWNL|vtls000150934</subfield></datafield><datafield ind1=" " ind2=" " tag="996"><subfield code="2">PICA|070843325</subfield></datafield><datafield ind1=" " ind2=" " tag="996"><subfield code="2">J9Ulat|000099562</subfield></datafield><datafield ind1=" " ind2=" " tag="996"><subfield code="2">LC|nb 98017981</subfield></datafield><datafield ind1=" " ind2=" " tag="996"><subfield code="2">PICA|215831594</subfield></datafield><datafield ind1=" " ind2=" " tag="996"><subfield code="2">SWNL|vtls003605215</subfield></datafield><datafield ind1=" " ind2=" " tag="996"><subfield code="2">LC|n  81136581</subfield></datafield><datafield ind1=" " ind2=" " tag="996"><subfield code="2">LC|no 98095306</subfield></datafield><datafield ind1=" " ind2=" " tag="996"><subfield code="2">LC|nr 88002204</subfield></datafield><datafield ind1=" " ind2=" " tag="996"><subfield code="2">LC|n  79012575</subfield></datafield><datafield ind1=" " ind2=" " tag="996"><subfield code="2">LC|nr 97017176</subfield></datafield><datafield ind1=" " ind2=" " tag="996"><subfield code="2">SELIBR|207100</subfield></datafield><datafield ind1=" " ind2=" " tag="996"><subfield code="2">SELIBR|195925</subfield></datafield><datafield ind1=" " ind2=" " tag="996"><subfield code="2">LC|nr 95046915</subfield></datafield><datafield ind1=" " ind2=" " tag="996"><subfield code="2">PICA|074410547</subfield></datafield><datafield ind1=" " ind2=" " tag="996"><subfield code="2">LC|n  89225442</subfield></datafield><datafield ind1=" " ind2=" " tag="996"><subfield code="2">PICA|068856229</subfield></datafield><datafield ind1=" " ind2=" " tag="996"><subfield code="2">NLA|000035721151</subfield></datafield><datafield ind1=" " ind2=" " tag="996"><subfield code="2">J9Ulat|000263991</subfield></datafield><datafield ind1=" " ind2=" " tag="996"><subfield code="2">PICA|073677272</subfield></datafield><datafield ind1=" " ind2=" " tag="996"><subfield code="2">BNF|13529979</subfield></datafield><datafield ind1=" " ind2=" " tag="996"><subfield code="2">PICA|071894527</subfield></datafield><datafield ind1=" " ind2=" " tag="996"><subfield code="2">LC|n  86050974</subfield></datafield><datafield ind1=" " ind2=" " tag="996"><subfield code="2">PICA|275401324</subfield></datafield><datafield ind1=" " ind2=" " tag="996"><subfield code="2">BAV|ADV11042159</subfield></datafield><datafield ind1=" " ind2=" " tag="996"><subfield code="2">LC|n  84169493</subfield></datafield><datafield ind1=" " ind2=" " tag="996"><subfield code="2">LC|no 98065815</subfield></datafield><datafield ind1=" " ind2=" " tag="996"><subfield code="2">PICA|097125032</subfield></datafield><datafield ind1=" " ind2=" " tag="996"><subfield code="2">PICA|101217536</subfield></datafield><datafield ind1=" " ind2=" " tag="996"><subfield code="2">LC|n  91039768</subfield></datafield><datafield ind1=" " ind2=" " tag="996"><subfield code="2">LC|n  79009665</subfield></datafield><datafield ind1=" " ind2=" " tag="996"><subfield code="2">PICA|070198896</subfield></datafield><datafield ind1=" " ind2=" " tag="996"><subfield code="2">LC|n  91055300</subfield></datafield><datafield ind1=" " ind2=" " tag="996"><subfield code="2">PICA|165741953</subfield></datafield><datafield ind1=" " ind2=" " tag="996"><subfield code="2">PICA|069878099</subfield></datafield><datafield ind1=" " ind2=" " tag="996"><subfield code="2">PICA|275388182</subfield></datafield><datafield ind1=" " ind2=" " tag="996"><subfield code="2">LC|n  85344961</subfield></datafield><datafield ind1=" " ind2=" " tag="996"><subfield code="2">BAV|ADV11996919</subfield></datafield><datafield ind1=" " ind2=" " tag="996"><subfield code="2">PICA|190773855</subfield></datafield><datafield ind1=" " ind2=" " tag="996"><subfield code="2">PICA|208131663</subfield></datafield><datafield ind1=" " ind2=" " tag="996"><subfield code="2">LC|no 92003654</subfield></datafield><datafield ind1=" " ind2=" " tag="996"><subfield code="2">LC|n  50053594</subfield></datafield><datafield ind1=" " ind2=" " tag="996"><subfield code="2">LC|nr 96007134</subfield></datafield><datafield ind1=" " ind2=" " tag="996"><subfield code="2">LC|n  87836964</subfield></datafield><datafield ind1=" " ind2=" " tag="996"><subfield code="2">PICA|241230497</subfield></datafield><datafield ind1=" " ind2=" " tag="996"><subfield code="2">BAV|ADV11042145</subfield></datafield><datafield ind1=" " ind2=" " tag="996"><subfield code="2">PICA|11323922X</subfield></datafield><datafield ind1=" " ind2=" " tag="996"><subfield code="2">PICA|072435119</subfield></datafield><datafield ind1=" " ind2=" " tag="996"><subfield code="2">LC|nr 92034543</subfield></datafield><datafield ind1=" " ind2=" " tag="996"><subfield code="2">PICA|072559292</subfield></datafield><datafield ind1=" " ind2=" " tag="996"><subfield code="2">LC|n  87808715</subfield></datafield><datafield ind1=" " ind2=" " tag="996"><subfield code="2">LC|n  88623699</subfield></datafield><datafield ind1=" " ind2=" " tag="996"><subfield code="2">LC|nr 00018214</subfield></datafield><datafield ind1=" " ind2=" " tag="997"><subfield code="a">-300 0 flourished</subfield><subfield code="9">1</subfield></datafield></record>